<record xmlns="http://www.loc.gov/MARC21/slim" xmlns:xsi="http://www.w3.org/2001/XMLSchema-instance" xsi:schemaLocation="http://www.loc.gov/MARC21/slim http://www.loc.gov/standards/marcxml/schema/MARC21slim.xsd">

  <leader>00289nam a2200109Ia 4500</leader>
  <datafield tag="999" ind2=" " ind1=" ">
    <subfield code="c">1741</subfield>
    <subfield code="d">1741</subfield>
  </datafield>
  <controlfield tag="008">180418b1998    f  ||||| |||| 00| | e   d</controlfield>
  <datafield ind2=" " tag="090" ind1=" ">
    <subfield code="a">06.03.06 </subfield>
    <subfield code="b">1047</subfield>
  </datafield>
  <datafield ind1="1" tag="100" ind2=" ">
    <subfield code="a">Gibbons, Michael</subfield>
    <subfield code="9">3577</subfield>
  </datafield>
  <datafield ind1="1" tag="245" ind2="0">
    <subfield code="a">Higher education relevance in the 21st century</subfield>
  </datafield>
  <datafield ind2=" " tag="260" ind1=" ">
    <subfield code="a">Francia : </subfield>
    <subfield code="b">UNESCO, </subfield>
    <subfield code="c">1998</subfield>
  </datafield>
  <datafield tag="300" ind2=" " ind1=" ">
    <subfield code="a">64 páginas</subfield>
  </datafield>
  <datafield tag="650" ind2="4" ind1="1">
    <subfield code="a">EDUCACIÓN SUPERIOR</subfield>
    <subfield code="9">8</subfield>
  </datafield>
  <datafield ind1=" " ind2=" " tag="942">
    <subfield code="2">z</subfield>
    <subfield code="c">01</subfield>
  </datafield>
</record>